@article{pytorch,
  title={Train A Mario - Playing RL Agent},
  author={Yuansong Feng, Suraj Subramanian, Howard Wang, Steven Guo.},
  journal={},
  pages={}
}

@article{mnih2013playing,
  title={Playing Atari with Deep Reinforcement Learning},
  author={Mnih, Volodymyr and Kavukcuoglu, Koray and Silver, David and Graves, Alex and Antonoglou, Ioannis and Wierstra, Daan and Riedmiller, Martin},
  journal={arXiv preprint arXiv:1312.5602},
  year={2013}
}
@inproceedings{van2016deep,
  title={Deep Reinforcement Learning with Double Q-Learning},
  author={Van Hasselt, Hado and Guez, Arthur and Silver, David},
  booktitle={Proceedings of the AAAI conference on artificial intelligence},
  volume={30},
  number={1},
  year={2016}
}
@article{deepmind,
  title={Deep Mind Website},
  author={Various Authors},
  journal={},
  pages={}
}
@article{sutton1998reinforcement,
  title={Reinforcement learning: an introduction MIT Press},
  author={Sutton, Richard S and Barto, Andrew G},
  journal={Cambridge, MA},
  volume={22447},
  year={1998}
}
